@inproceedings{saxe2017hierarchy,
  title="{Hierarchy through composition with multitask LMDPs}",
  author={Saxe, Andrew M and Earle, Adam C and Rosman, Benjamin},
  booktitle={International Conference on Machine Learning},
  pages={3017--3026},
  year={2017},
  organization={PMLR}
}

@inproceedings{van2019composing,
  title={Composing value functions in reinforcement learning},
  author={Van Niekerk, Benjamin and James, Steven and Earle, Adam and Rosman, Benjamin},
  booktitle={International Conference on Machine Learning},
  pages={6401--6409},
  year={2019},
  organization={PMLR}
}

@inproceedings{optionkeyb,
 author = {Barreto, Andre and Borsa, Diana and Hou, Shaobo and Comanici, Gheorghe and Ayg\"{u}n, Eser and Hamel, Philippe and Toyama, Daniel and Hunt, Jonathan and Mourad, Shibl and Silver, David and Precup, Doina},
  title     = "{The Option Keyboard: Combining Skills in Reinforcement Learning}",
  booktitle = {Advances in Neural Information Processing Systems 32},
  pages     = {13031--13041},
  year      = {2019},
}


@inproceedings{hunt2019composing,
  title={Composing entropic policies using divergence correction},
  author={Hunt, Jonathan and Barreto, Andre and Lillicrap, Timothy and Heess, Nicolas},
  booktitle={International Conference on Machine Learning},
  pages={2911--2920},
  year={2019},
  organization={PMLR}
}

@article{sutton1999between,
  title={Between {MDPs} and semi-{MDPs}: A framework for temporal abstraction in reinforcement learning},
  author={Sutton, Richard S. and Precup, Doina and Singh, Satinder},
  journal={Artificial intelligence},
  volume={112},
  number={1},
  pages={181--211},
  year={1999},
  publisher={Elsevier}
}

@article{dietterich2000hierarchical,
  title={Hierarchical reinforcement learning with the {MAXQ} value function decomposition},
  author={Dietterich, Thomas G.},
  journal={J. Artif. Intell. Res.},
  volume={13},
  pages={227--303},
  year={2000}
}

@Article{Kappen2005,
  Title                    = {Linear Theory for Control of Nonlinear Stochastic Systems},
  Author                   = {Kappen, Hilbert J.},
  Journal                  = {Phys. Rev. Lett.},
  Year                     = {2005},

  Pages                    = {200--201},
  Volume                   = {95},

  Issue                    = {20},
  Numpages                 = {4},
  Publisher                = {American Physical Society}
}

@Article{TodorovNIPS2007,
  Title                    = {Linearly-solvable {M}arkov decision problems},
  Author                   = {Todorov, Emanuel},
  Journal                  = {Advances in Neural Information Processing Systems (NIPS)},
  Year                     = {2006},
  Pages                    = {1369-1376}
}

@Article{TodorovPNAS2009,
  Title                    = {Efficient computation of optimal actions},
  Author                   = {Todorov, Emanuel},
  Journal                  = {Proc. Natl. Acad. Sci. USA},
  Year                     = {2009},
  Number                   = {28},
  Pages                    = {11478-11483},
  Volume                   = {106}
}

@Article{TodorovNIPS2009,
  Title                    = {Compositionality of optimal control laws},
  Author                   = {Todorov, Emanuel},
  Journal                  = {Advances in Neural Information Processing Systems (NIPS)},
  Year                     = {2009},
  Pages                    = {1856-1864}
}

@inproceedings{
	conf/icaps/Jonsson16,
 	author    = {Jonsson, Anders and G{\'o}mez, Vicen\c{c}},
	title     = "{Hierarchical Linearly-Solvable Markov Decision Problems}",
	booktitle = {Proceedings of the 26th International Conference on Automated Planning and Scheduling (ICAPS)},
	year      = {2016}
}

@article{
	DBLP:journals/corr/NeuJG17,
	author    = {Neu, Gergely and Jonsson, Anders and G{\'{o}}mez, Vicen\c{c}},
	title     = {A unified view of entropy-regularized Markov decision processes},
	journal   = {CoRR},
	volume    = {abs/1705.07798},
	year      = {2017},
	url       = {http://arxiv.org/abs/1705.07798},
	archivePrefix = {arXiv},
	eprint    = {1705.07798},
}

@inproceedings{
	conf/nips/Wen20,
 	author    = {Wen, Zheng and Precup, Doina and Ibrahimi, Morteza and Barreto, Andre and Van Roy, Benjamin and Singh, Satinder},
	title     = "{On Efficiency in Hierarchical Reinforcement Learning}",
	booktitle = {Proceedings of the 34th Conference on Neural Information Processing Systems (NeurIPS)},
	year      = {2020}
}

@inproceedings{
	conf/colt/Neu17,
 	author    = {Neu, Gergely and G{\'{o}}mez, Vicen\c{c}},
	title     = "{Fast rates for online learning in Linearly Solvable Markov Decision Processes}",
	booktitle = {Proceedings of the 30th Conference on Learning Theory (COLT)},
	year      = {2017}
}

@inproceedings{Kaelbling93,
	author    = {Leslie Pack Kaelbling},
	title     = {{Learning to Achieve Goals}},
	booktitle = {Proceedings of the International Joint Conference on Artificial Intelligence (IJCAI)},
	pages     = {1094--1099},
	year      = {1993}
}

@Article{KappenML2012,
  Title                    = {Optimal control as a graphical model inference problem},
  Author                   = {Hilbert J Kappen and Vicen\c{c} G\'omez and Manfred Opper},
  Journal                  = {Mach. Learn.},
  Year                     = {2012},
  Number                   = {2},
  Pages                    = {159-182},
  Volume                   = {87}
}

@InProceedings{pmlr-v80-haarnoja18b,
  title = 	 "{Soft Actor-Critic: Off-Policy Maximum Entropy Deep Reinforcement Learning with a Stochastic Actor}",
  author =       {Haarnoja, Tuomas and Zhou, Aurick and Abbeel, Pieter and Levine, Sergey},
  booktitle = 	 {Proceedings of the 35th International Conference on Machine Learning},
  pages = 	 {1861--1870},
  year = 	 {2018},
  volume = 	 {80},
  publisher =    {PMLR},
}

@inproceedings{NEURIPS2020_2c6a0bae,
 author = {Vieillard, Nino and Pietquin, Olivier and Geist, Matthieu},
 booktitle = {Advances in Neural Information Processing Systems},
 pages = {4235--4246},
 title = {Munchausen Reinforcement Learning},
 volume = {33},
 year = {2020}
}


@InProceedings{pmlr-v130-bas-serrano21a,
  title = 	 "{ Logistic Q-Learning }",
  author =       {Bas-Serrano, Joan and Curi, Sebastian and Krause, Andreas and Neu, Gergely},
  booktitle = 	 {Proceedings of The 24th International Conference on Artificial Intelligence and Statistics},
  pages = 	 {3610--3618},
  year = 	 {2021},
  volume = 	 {130},
  publisher =    {PMLR}
}

@InProceedings{pmlr-v48-mniha16,
  title = {Asynchronous Methods for Deep Reinforcement Learning},
  author = {Mnih, Volodymyr and Badia, Adria Puigdomenech and Mirza, Mehdi and Graves, Alex and Lillicrap, Timothy and Harley, Tim and Silver, David and Kavukcuoglu, Koray},
  booktitle = {Proceedings of The 33rd International Conference on Machine Learning},
  pages = {1928--1937},
  year = {2016}, 
  volume = {48},
  publisher = {PMLR}
}

